<?xml version="1.0" encoding="UTF-8"?><collection xmlns="http://www.loc.gov/MARC21/slim"><record><leader>00583nam--2200181-i-4500</leader><controlfield tag="001">000040106</controlfield><controlfield tag="002">20161230</controlfield><controlfield tag="005">20161230201042</controlfield><controlfield tag="008">060222s1000------------r-----000-0-fre-d</controlfield><datafield ind1=" " ind2=" " tag="040"><subfield code="a">IFIN-HH</subfield></datafield><datafield ind1=" " ind2=" " tag="041"><subfield code="a">fre</subfield></datafield><datafield ind1=" " ind2=" " tag="080"><subfield code="a">539.17.015:539.17.02:621.384.633(043)</subfield></datafield><datafield ind1="1" ind2=" " tag="100"><subfield code="a">Saint-laurent,Francois</subfield></datafield><datafield ind1="1" ind2="0" tag="245"><subfield code="a">Etude de la formation et de la desexcitation du noyau compose 32 s forme par les voies d`entree 20ne + 12c et 16o + 16o</subfield><subfield code="b">These</subfield><subfield code="c">Francois saint-laurent</subfield></datafield><datafield ind1=" " ind2=" " tag="260"><subfield code="a">Paris</subfield><subfield code="b">Universite</subfield><subfield code="c">1978</subfield></datafield><datafield ind1=" " ind2=" " tag="300"><subfield code="a">130 P</subfield></datafield><datafield ind1=" " ind2=" " tag="852"><subfield code="a">48397</subfield><subfield code="c">539.17</subfield></datafield><datafield ind1=" " ind2=" " tag="CAT"><subfield code="a">Sys</subfield><subfield code="c">20120619</subfield><subfield code="h">102345</subfield></datafield></record></collection>